<?xml version="1.0" encoding="UTF-8"?><collection xmlns="http://www.loc.gov/MARC21/slim"><record><leader>00393nam--2200133-i-4500</leader><controlfield tag="001">000011527</controlfield><controlfield tag="002">20161230</controlfield><controlfield tag="005">20161230201029</controlfield><controlfield tag="008">060222s1000------------r-----000-0-eng-d</controlfield><datafield ind1=" " ind2=" " tag="080"><subfield code="a">621.777</subfield></datafield><datafield ind1=" " ind2=" " tag="100"><subfield code="a">Coman, Liviu, Nanu, Aurel Si Teodorescu, Alexandru</subfield></datafield><datafield ind1=" " ind2=" " tag="245"><subfield code="a">Extrudarea la rece si forjarea cu fibraj conti nuu a otelului</subfield></datafield><datafield ind1=" " ind2=" " tag="260"><subfield code="a">Timisoara, Editura Facla, 1975 261 P</subfield></datafield><datafield ind1=" " ind2=" " tag="852"><subfield code="a">42757</subfield></datafield></record></collection>